<?xml version="1.0" encoding="UTF-8"?><record xmlns="http://www.loc.gov/MARC21/slim" xmlns:cinclude="http://apache.org/cocoon/include/1.0" xmlns:zs="http://www.loc.gov/zing/srw/">
  <leader>00327nz  a2200121n  4500</leader>
  <controlfield tag="001">nr 96035262 </controlfield>
  <controlfield tag="003">DLC</controlfield>
  <controlfield tag="005">19961003051926.4</controlfield>
  <controlfield tag="008">961001n| acannaab|          |n aaa     c</controlfield>
  <datafield tag="010" ind1=" " ind2=" ">
    <subfield code="a">nr 96035262 </subfield>
  </datafield>
  <datafield tag="040" ind1=" " ind2=" ">
    <subfield code="a">NjP</subfield>
    <subfield code="c">NjP</subfield>
  </datafield>
  <datafield tag="100" ind1="1" ind2="0">
    <subfield code="a">Lisit︠s︡yna, L.</subfield>
  </datafield>
  <datafield tag="670" ind1=" " ind2=" ">
    <subfield code="a">Kamernye proizvedenii︠a︡, p1985:</subfield>
    <subfield code="b">label (L. Lisit︠s︡yna, piano)</subfield>
  </datafield>
</record>